@ARTICLE{HummersoneMasonBrookes10,
  author = {Christopher Hummersone and Russel Mason and Tim Brookes},
  title = {Dynamic precedence effect modelling for source separation in reverberant
	environments},
  journal = {{IEEE} Trans. Audio, Speech, Lang. Process.},
  year = {2010},
  volume = {18},
  pages = {1867--1871},
  number = {7},
  month = {Sep.},
}



@ARTICLE{PalomakiBrownWang04,
author = {Kalle J. Palom\"{a}ki and Guy J. Brown and DeLiang Wang},
  title = {A binaural processor for missing data speech recognition in the presence of noise and small-room reverberation},
  journal = {Speech Communication},
  year = {2004},
  volume = {43},
  pages = {361--789},
  number = {4},
  month = {Sep.},
}


@INCOLLECTION{MayvandeParKohlrausch13,
  author = {T. May and S. van de Par and A. Kohlrausch},
  title = {Binaural localization and detection of speakers in complex acoustic scenes},
  booktitle = {The technology of binaural listening},
  publisher = {Springer},
  year = {2013},
  editor = {J. Blauert},
  address = {Berlin--Heidelberg--New York NY},
	pages = {397--425}
}
