@inproceedings{wierstorf2011hrirs,
author={Hagen Wierstorf and Matthias Geier and Alexander Raake and Sascha Spors},
title={A Free Database of Head-Related Impulse Response Measurements in the Horizontal Plane with Multiple Distances},
booktitle = {130th Convention of the Audio Engineering Society},
year=2011,
month=may,
}
